@inproceedings{Acii2005Improving,
  title={Improving Brumley and Boneh timing attack on unprotected SSL implementations},
  author={Ac{\i}i{\c{c}}mez, Onur and Schindler, Werner and Ko{\c{c}}, {\c{C}}etin K},
  booktitle={CCS},
  pages={139--146},
  year={2005},
  organization={ACM}
}

@inproceedings{Ac2006Trace,
  title={Trace-driven cache attacks on {AES} (short paper)},
  author={Ac{\i}i{\c{c}}mez, Onur and Ko{\c{c}}, {\c{C}}etin Kaya},
  booktitle={ICICS},
  pages={112--121},
  year={2006},
  organization={Springer}
}

@inproceedings{Bonneau2006Cache,
  title={Cache-Collision Timing Attacks Against {AES}},
  author={Bonneau, Joseph and Mironov, Ilya},
  booktitle={CHES},
  pages={201--215},
  year={2006},
  organization={Springer}
}

@misc{Bernstein2005Cache,
  title={Cache-timing attacks on {AES}},
  author={Bernstein, Daniel J},
  month={April},
  year={2005},
  howpublished = "\url{http://cr.yp.to/antiforgery/cachetiming-20050414.pdf}"
}

@inproceedings{Gullasch2011Cache,
  title={Cache games--bringing access-based cache attacks on {AES} to practice},
  author={Gullasch, David and Bangerter, Endre and Krenn, Stephan},
  booktitle={S\&P},
  pages={490--505},
  year={2011},
  organization={IEEE},
}

@inproceedings{Kocher1996Timing,
  title={Timing Attacks on Implementations of {D}iffie-{H}ellman, {RSA}, {DSS}, and Other Systems},
  author={Kocher, Paul C},
  booktitle={CRYPTO},
  pages={104--113},
  year={1996},
  organization={Springer}
}

@inproceedings{Neve2006A,
  title={A refined look at {B}ernstein's {AES} side-channel analysis},
  author={Neve, Michael and Seifert, Jean Pierre and Wang, Zhenghong},
  booktitle={ASIACCS},
  pages={369},
  year={2006},
  organization={ACM}
}

@inproceedings{Osvik2006Cache,
  title={Cache Attacks and Countermeasures: The Case of {AES}},
  author={Osvik, Dag Arne and Shamir, Adi and Tromer, Eran},
  booktitle={CT-RSA},
  pages={1--20},
  year={2006},
  organization={Springer}
}

@inproceedings{Tsunoo2003Cryptanalysis,
  title={Cryptanalysis of {DES} Implemented on Computers with Cache.},
  author={Tsunoo, Yukiyasu and Saito, Teruo and Suzaki, Tomoyasu and Shigeri, Maki and Miyauchi, Hiroshi},
  booktitle={CHES},
  year={2003},
  pages={62-76},
  address={Berlin, Heidelberg},
  organization={Springer}
}

@article{Tromer2010Efficient,
  title={Efficient Cache Attacks on {AES}, and Countermeasures.},
  author={Tromer, Eran and Osvik, Dag Arne and Shamir, Adi},
  journal={Journal of Cryptology},
  volume={23},
  number={1},
  pages={37--71},
  year={2010},
  publisher={Springer}
}

@inproceedings{Electromagnetic-sidechannel,
    title = {Stealing Keys from {PCs} by Radio: Cheap Electromagnetic Attacks on Windowed Exponentiation},
    author={Genkin, Daniel and Pachmanov, Lev and Pipman, Itamar and Tromer, Eran},
    booktitle = {CHES},
    pages={207-228},
    year={2015},
    organization={Springer}
}

@article{power-pc,
  title={How not to protect {PCs} from power analysis},
  author={Oren, Yossi and Shamir, Adi},
  journal={Rump Session, Crypto},
  year={2006}
}

@inproceedings{Bertoni2005AES,
  title={{AES} Power Attack Based on Induced Cache Miss and Countermeasure},
  author={Bertoni, Guido and Zaccaria, Vittorio and Breveglieri, Luca and Monchiero, Matteo and Palermo, Gianluca},
  booktitle={ITCC},
  pages={586--591},
  year={2005},
  organization={IEEE}
}

@inproceedings{electric-potential-sidechannel,
  title={Get Your Hands Off My Laptop: Physical Side-Channel Key-Extraction Attacks on PCs},
  author={Genkin, Daniel and Pipman, Itamar and Tromer, Eran},
  booktitle={CHES},
  pages={242-260},
  year={2014},
  organization={Springer}
}

@inproceedings{Acoustic-sidechannel,
  title = {{RSA} Key Extraction via Low-Bandwidth Acoustic Cryptanalysis},
  author={Genkin, Daniel and Shamir, Adi and Tromer, Eran},
  booktitle={CRYPTO},
  pages={444--461},
  year={2014},
  organization={Springer}
}

@article{Tsunoo2002Cryptanalysis,
  title={Cryptanalysis of Block Ciphers Implemented on Computers with Cache},
  author={Tsunoo, Yukiyasu},
  journal={preproceedings of ISITA 2002},
  year={2002}
}

@inproceedings{Brumley2011Remote,
  title={Remote timing attacks are still practical},
  author={Brumley, Billy Bob and Tuveri, Nicola},
  booktitle={ESORICS},
  pages={355-371},
  year={2011},
}

@article{Brumley2005Remote,
  title={Remote timing attacks are practical},
  author={Brumley, David and Boneh, Dan},
  journal={Computer Networks},
  volume={48},
  number={5},
  pages={701--716},
  year={2005},
  publisher={Elsevier}
}

@inproceedings{Ac2007Cache,
  title={Cache based remote timing attack on the {AES}},
  author={Ac{\i}i{\c{c}}mez, Onur and Schindler, Werner and Ko{\c{c}}, {\c{C}}etin K},
  booktitle={CT-RSA},
  pages={271--286},
  year={2007},
  organization={Springer}
}

@article{atici2016remote,
  title={Remote Cache-Timing Attack without Learning Phase.},
  author={Atici, Ali Can and Yilmaz, Cemal and Savas, Erkay},
  journal={IACR Cryptology ePrint Archive},
  volume={2016},
  pages={2},
  year={2016}
}

@inproceedings{saraswat2014remote,
  title={Remote cache-timing attacks against AES},
  author={Saraswat, Vishal and Feldman, Daniel and Kune, Denis Foo and Das, Satyajit},
  booktitle={Proceedings of the First Workshop on Cryptography and Security in Computing Systems},
  pages={45--48},
  year={2014},
  organization={ACM}
}


@inproceedings{YinqianZhang2012-cross-vm,
  title={Cross-{VM} side channels and their use to extract private keys},
  author={Zhang, Yinqian and Juels, Ari and Reiter, Michael K and Ristenpart, Thomas},
  booktitle={CCS},
  pages={305--316},
  year={2012},
  organization={ACM}
}

@inproceedings{get-off-my-cloud,
  title={Hey, you, get off of my cloud: Exploring information leakage in third-party compute clouds},
  author={Ristenpart, Thomas and Tromer, Eran and Shacham, Hovav and Savage, Stefan},
  booktitle={CCS},
  pages={199--212},
  year={2009},
  organization={ACM}
}

@inproceedings{flushreload,
  title={{FLUSH}+ {RELOAD}: A High Resolution, Low Noise, L3 Cache Side-Channel Attack.},
  author={Yarom, Yuval and Falkner, Katrina},
  booktitle={USENIX Security},
  pages={719--732},
  year={2014}
}

@article{Braun2015Robust,
  title={Robust and efficient elimination of cache and timing side channels},
  author={Braun, Benjamin A and Jana, Suman and Boneh, Dan},
  journal={arXiv preprint arXiv:1506.00189},
  year={2015}
}

@inproceedings{Zhang2011Predictive,
  title={Predictive mitigation of timing channels in interactive systems},
  author={Zhang, Danfeng and Askarov, Aslan and Myers, Andrew C},
  booktitle={CCS},
  pages={563-574},
  year={2011},
  organization={ACM}
}

@book{Daemen2002The,
  title={The design of Rijndael: AES-the advanced encryption standard},
  author={Daemen, Joan and Rijmen, Vincent},
  year={2013},
  publisher={Springer Science \& Business Media}
}

@inproceedings{Schneier1993Description,
  title={Description of a New Variable-Length Key, 64-bit Block Cipher ({Blowfish})},
  author={Schneier, Bruce},
  booktitle={FSE},
  pages={191-204},
  year={1993},
}

@misc{Adams1997The,
  title={IETF RFC 2144: The {CAST}-128 Encryption Algorithm},
  author={Adams, C},
  year={1997},
}

@misc{openssh,
  title = {{OpenSSH}},
  howpublished = "\url{http://www.openssh.com/}",
}

@techreport{drepper2007every,
  title={What every programmer should know about memory},
  author={Drepper, Ulrich},
  institution={Red Hat, Inc},
  year={2007}
}

@inproceedings{liu2015last,
  title={Last-level cache side-channel attacks are practical},
  author={Liu, Fangfei and Yarom, Yuval and Ge, Qian and Heiser, Gernot and Lee, Ruby B},
  booktitle={S\&P},
  pages={605--622},
  year={2015},
  organization={IEEE}
}

@inproceedings{gruss2016flush+flush,
  title={Flush+ Flush: a fast and stealthy cache attack},
  author={Gruss, Daniel and Maurice, Cl{\'e}mentine and Wagner, Klaus and Mangard, Stefan},
  booktitle={DIMVA},
  pages={279--299},
  year={2016},
  publisher={Springer}
}

@inproceedings{disselkoen2017prime+abort,
  title={Prime+ Abort: A Timer-Free High-Precision L3 Cache Attack using Intel TSX},
  author={Disselkoen, Craig and Kohlbrenner, David and Porter, Leo and Tullsen, Dean},
  booktitle={USENIX Security},
  year={2017}
}

@inproceedings{Cock2014The,
  title={The Last Mile: An Empirical Study of Some Timing Channels on seL4},
  author={Cock, David and Ge, Qian and Murray, Toby and Heiser, Gernot},
  booktitle={CCS},
  pages={570--581},
  year={2014},
  organization={ACM}
}

@article{Dan2005Partitioned,
  title={Partitioned Cache Architecture as a Side-Channel Defence Mechanism.},
  author={Page, Dan},
  journal={IACR Cryptology ePrint archive},
  volume={2005},
  number={2005},
  pages={280},
  year={2005}
}

@inproceedings{Yinqian2013D,
  title={D{\"u}ppel: Retrofitting commodity operating systems to mitigate cache side channels in the cloud},
  author={Zhang, Yinqian and Reiter, Michael K},
  booktitle={CCS},
  pages={827--838},
  year={2013},
  organization={ACM}
}

@inproceedings{kasper2009faster,
  title={Faster and timing-attack resistant AES-GCM},
  author={K{\"a}sper, Emilia and Schwabe, Peter},
  booktitle = {CHES},
  pages={1--17},
  year={2009},
  organization={Springer}
}

@inproceedings{K2008A,
  title={A Fast and Cache-Timing Resistant Implementation of the {AES}},
  author={K\"{o}nighofer, Robert},
  booktitle={CT-RSA},
  pages={187-202},
  year={2008},
}

@article{Taha2014Cache,
  title={Cache-timing attack against {AES} crypto system - countermeasures review},
  author={Taha, Yaseen H. and Abdulh, Settana M. and Sadalla, Naila A. and Elshoush, Huwaida},
  year={2014},
}

@inproceedings{jayasinghe2010remote,
  title={Remote cache timing attack on advanced encryption standard and countermeasures},
  author={Jayasinghe, Darshana and Fernando, Jayani and Herath, Ranil and Ragel, Roshan},
  booktitle={ICIAFS},
  pages={177--182},
  year={2010},
  organization={IEEE}
}

@article{Page2003Defending,
  title={Defending against cache-based side-channel attacks},
  author={Page, D.},
  journal={Information Security Technical Report},
  volume={8},
  number={1},
  pages={30--44},
  year={2003},
  publisher={Elsevier}
}

@inproceedings{Kim2012STEALTHMEM,
  title={{STEALTHMEM}: system-level protection against cache-based side channel attacks in the cloud},
  author={Kim, Taesoo and Peinado, Marcus and Mainar-Ruiz, Gloria},
  booktitle={USENIX Security},
  pages={189--204},
  year={2012}
}

@inproceedings{Kong2009Hardware,
  title={Hardware-software integrated approaches to defend against software cache-based side channel attacks},
  author={Kong, J and Ac{\i}i\c{c}mez, O and Seifert, J. P and Zhou, Huiyang},
  booktitle={HPCA},
  pages={393--404},
  year={2009},
  organization={IEEE}
}

@inproceedings{Wang2007New,
  title={New cache designs for thwarting software cache-based side channel attacks},
  author={Wang, Zhenghong and Lee, Ruby B},
  booktitle={ISCA},
  pages={494--505},
  year={2007},
  organization={ACM}
}

@inproceedings{Wang2008A,
  title={A novel cache architecture with enhanced performance and security},
  author={Wang, Zhenghong and Lee, Ruby B},
  booktitle={MICRO},
  pages={83--93},
  year={2008},
  organization={IEEE}
}

@inproceedings{wang2016secdcp,
  title={SecDCP: secure dynamic cache partitioning for efficient timing channel protection},
  author={Wang, Yao and Ferraiuolo, Andrew and Zhang, Danfeng and Myers, Andrew C and Suh, G Edward},
  booktitle={DAC},
  pages={1--6},
  year={2016},
  organization={IEEE}
}

@inproceedings{Askarov2010Predictive,
  title={Predictive black-box mitigation of timing channels},
  author={Askarov, Aslan and Zhang, Danfeng and Myers, Andrew C},
  booktitle={CCS},
  pages={297--307},
  year={2010},
  organization={ACM}
}

@inproceedings{Ferdinand2004Worst,
  title={Worst case execution time prediction by static program analysis},
  author={Ferdinand, Christian},
  booktitle={IPDPS},
  pages={125},
  year={2004},
  organization={IEEE},
}

@article{cleemput2012compiler,
  title={Compiler mitigations for time attacks on modern x86 processors},
  author={Cleemput, Jeroen V and Coppens, Bart and De Sutter, Bjorn},
  journal={TACO},
  volume={8},
  number={4},
  pages={23},
  year={2012},
  publisher={ACM}
}

@inproceedings{Coppens2009Practical,
  title={Practical Mitigations for Timing-Based Side-Channel Attacks on Modern x86 Processors},
  author={Coppens, Bart and Verbauwhede, Ingrid and Bosschere, Koen De and Sutter, Bjorn De},
  booktitle={S\&P},
  pages={45-60},
  year={2009},
  organization={IEEE},
}

@inproceedings{stefan2013eliminating,
  title={Eliminating cache-based timing attacks with instruction-based scheduling},
  author={Stefan, Deian and Buiras, Pablo and Yang, Edward Z and Levy, Amit and Terei, David and Russo, Alejandro and Mazi{\`e}res, David},
  booktitle={ESORICS},
  pages={718--735},
  year={2013},
  organization={Springer}
}

@inproceedings{varadarajan2014scheduler,
  title={Scheduler-based Defenses against Cross-VM Side-channels.},
  author={Varadarajan, Venkatanathan and Ristenpart, Thomas and Swift, Michael M},
  booktitle={USENIX Security},
  pages={687--702},
  year={2014}
}

@inproceedings{herath2013software,
  title={Software implementation level countermeasures against the cache timing attack on advanced encryption standard},
  author={Herath, Udyani and Alawatugoda, Janaka and Ragel, Roshan},
  booktitle={ICIIS},
  pages={75--80},
  year={2013},
  organization={IEEE}
}

@inproceedings{jayasinghe2012constant,
  title={Constant time encryption as a countermeasure against remote cache timing attacks},
  author={Jayasinghe, Darshana and Ragel, Roshan and Elkaduwe, Dhammika},
  booktitle={ICIAFS},
  pages={129--134},
  year={2012},
  organization={IEEE}
}

@inproceedings{Crane2015Thwarting,
  title={Thwarting Cache Side-Channel Attacks Through Dynamic Software Diversity},
  author={Crane, Stephen and Homescu, Andrei and Brunthaler, Stefan and Larsen, Per and Franz, Michael},
  booktitle={NDSS},
  year={2015},
}

@inproceedings{Bl2005Provably,
  title={Provably secure masking of {AES}},
  author={Bl{\"o}mer, Johannes and Guajardo, Jorge and Krummel, Volker},
  booktitle={SAC},
  pages={69--83},
  year={2004},
  organization={Springer}
}

@inproceedings{Mer2007Analysis,
  title={Analysis of countermeasures against access driven cache attacks on {AES}},
  author={Bl{\"o}mer, Johannes and Krummel, Volker},
  booktitle={SAC},
  pages={96--109},
  year={2007},
  organization={Springer}
}

@inproceedings{K2009A,
  title={A Provably Secure and Efficient Countermeasure against Timing Attacks},
  author={Kopf, Boris and Durmuth, Markus},
  booktitle={CSF},
  pages={324-335},
  year={2009},
  organization={IEEE}
}

@inproceedings{Li2013Mitigating,
  title={Mitigating access-driven timing channels in clouds using StopWatch},
  author={Li, Peng and Gao, Debin and Reiter, Michael K.},
  booktitle={DSN},
  pages={1-12},
  year={2013},
  organization={IEEE}
}

@inproceedings{Martin2012TimeWarp,
  title={TimeWarp: Rethinking timekeeping and performance monitoring mechanisms to mitigate side-channel attacks},
  author={Martin, Robert and Demme, John and Sethumadhavan, Simha},
  booktitle={ISCA},
  pages={118--129},
  year={2012},
  organization={IEEE}
}

@article{Brickell2006Software,
  title={Software mitigations to hedge {AES} against cache-based software side channel vulnerabilities.},
  author={Brickell, Ernie and Graunke, Gary and Neve, Michael and Seifert, Jean-Pierre},
  journal={IACR Cryptology ePrint Archive},
  volume={2006},
  pages={52},
  year={2006}
}

@inproceedings{lickly2008predictable,
  title={Predictable programming on a precision timed architecture},
  author={Lickly, Ben and Liu, Isaac and Kim, Sungjun and Patel, Hiren D and Edwards, Stephen A and Lee, Edward A},
  booktitle={Proceedings of the 2008 international conference on Compilers, architectures and synthesis for embedded systems},
  pages={137--146},
  year={2008},
  organization={ACM}
}

@article{liu2009elimination,
  title={Elimination of side channel attacks on a precision timed architecture},
  author={Liu, Isaac and McGrogan, David},
  journal={Technical Report},
  year={2009}
}

@phdthesis{Canteaut2006Understanding,
  title={Understanding cache attacks},
  author={Canteaut, Anne and Lauradoux, C\'{e}dric and Seznec, Andr\'{e}},
  year={2006},
  school={INRIA}
}

@misc{openssl,
  title = {{OpenSSL:Cryptography and SSL/TLS Toolkit}},
  howpublished = "\url{ https://www.openssl.org/}",
}

@misc{polarssl,
  title = {{SSL Library mbed TLS / PolarSSL}},
  howpublished = "\url{https://tls.mbed.org/}",
}

@inproceedings{guan2014copker,
  title={Copker: Computing with Private Keys without RAM.},
  author={Guan, Le and Lin, Jingqiang and Luo, Bo and Jing, Jiwu},
  booktitle={NDSS},
  pages={23--26},
  year={2014}
}

@misc{bitsliced,
  title = {{bitcoin-core/ctaes: Simple constant-time AES implementation}},
  howpublished = "\url{https://github.com/bitcoin-core/ctaes/}",
}

@inproceedings{Onur2007Yet,
  title={Yet another MicroArchitectural Attack::exploiting {I}-Cache},
  author={Onur Ac{\i}i{\c{c}}mez},
  booktitle={Comp. Security Arch},
  pages={11--18},
  year={2007},
  organization={ACM}
}

@inproceedings{Lauradoux2005Collision,
  title={Collision attacks on processors with cache and countermeasures.},
  author={Lauradoux, C\'{e}dric},
  booktitle={Western European Workshop on Research in Cryptology, July 5-7, 2005, Leuven, Belgium (WEWoRC2005)},
  volume={5},
  pages={76-85},
  year={2005},
}












%article{Daemen2002The,
%  title={The Design of Rijndael: AES - The Advanced Encryption Standard},
%  author={Daemen, Joan and Rijmen, Vincent},
%  year={2002},
%}

%article{Acii2006Trace,
%  title={Trace-driven cache attacks on {AES}},
%  author={Ac{\i}i{\c{c}}mez, Onur and Ko{\c{c}}, {\c{C}}etin Kaya},
%  year={2006},
%  publisher={Citeseer}
%}
@misc{aesimp,
  title = {{ANSI C Reference Code V2.0 (October 24, 2000)}. {National Institute of Standards and Technology}},
  howpublished = "\url{http://csrc.nist.gov/CryptoToolkit/aes/rijndael/}",
}

@inproceedings{Neve2006Advances,
  title={Advances on Access-Driven Cache Attacks on {AES}},
  author={Neve, Michael and Seifert, Jean Pierre},
  booktitle={SAC},
  pages={147--162},
  year={2006},
  organization={Springer}
}

@inproceedings{Irazoqui2014Wait,
  title={Wait a Minute! A fast, Cross-VM Attack on {AES}},
  author={Irazoqui, Gorka and Inci, Mehmet Sinan and Eisenbarth, Thomas and Sunar, Berk},
  booktitle={RAID},
  pages={299--319},
  year={2014},
  organization={Springer}
}

@article{yarom2014recovering,
  title={Recovering {OpenSSL} {ECDSA} Nonces Using the FLUSH+ RELOAD Cache Side-channel Attack},
  author={Yarom, Yuval and Benger, Naomi},
  journal={IACR Cryptology ePrint Archive},
  volume={2014},
  pages={140},
  year={2014}
}
